@misc{fluidnc,
  title        = {FluidNC Wiki（公式）},
  howpublished = {\url{http://wiki.fluidnc.com/en/home}}
}

@misc{fluidnc-installer,
  title        = {FluidNC Web Installer（公式）},
  howpublished = {\url{http://wiki.fluidnc.com/en/installation}}
}

@misc{fluidnc-config,
  title        = {FluidNC Config File Overview（公式 Wiki）},
  howpublished = {\url{http://wiki.fluidnc.com/config/overview}}
}

@misc{fluidnc-motion,
  title        = {FluidNC Motion Setup（公式 Wiki）},
  howpublished = {\url{http://wiki.fluidnc.com/en/support/setup/motion}}
}

@misc{espressif-gpio,
  title        = {ESP32 のGPIOピンのクセ（非公式）},
  howpublished = {\url{https://qiita.com/nanbuwks/items/0c5ee8fb4cf10d9c59e1}}
}

@misc{espressif-datasheet,
  title        = {Espressif ESP32 Series Datasheet（公式）},
  howpublished = {\url{https://www.espressif.com/sites/default/files/documentation/esp32_datasheet_en.pdf}}
}

@misc{chrome-webserial,
  title        = {Google Chrome シリアルポートに対して読み取り / 書き込みを行う（公式）},
  howpublished = {\url{https://developer.chrome.com/docs/capabilities/serial}}
}

@misc{rpi-os,
  title        = {Raspberry Pi OS ダウンロードページ（公式）},
  howpublished = {\url{https://www.raspberrypi.com/software/operating-systems/}}
}

@misc{rpi-imager,
  title        = {Raspberry Pi Imager（公式）},
  howpublished = {\url{https://www.raspberrypi.com/software/}}
}

@misc{rpi-imager-adv,
  title        = {Getting started with your Raspberry Pi（公式）},
  howpublished = {\url{https://www.raspberrypi.com/documentation/computers/getting-started.html#advanced-options-in-raspberry-pi-imager}}
}

@misc{rpi-config,
  title        = {Configuration raspi-config （公式）},
  howpublished = {\url{https://www.raspberrypi.com/documentation/computers/configuration.html}}
}

@misc{rpi-overlay-wp,
  title        = {Raspberry Pi Whitepaper: Making a More Resilient File System（公式）},
  howpublished = {\url{https://pip.raspberrypi.com/categories/685-app-notes-guides-whitepapers#document-25}}
}

@misc{cncjs-site,
  title        = {CNCjs （公式）},
  howpublished = {\url{https://cnc.js.org/}}
}

@misc{cncjs-install,
  title        = {CNCjs Installation Guide（公式）},
  howpublished = {\url{https://cnc.js.org/docs/installation/}}
}

@misc{cncjs-rpi,
  title        = {CNCjs Raspberry Pi Setup Guide（公式）},
  howpublished = {\url{https://cnc.js.org/docs/rpi-setup-guide/}}
}

@misc{cncjs-npm,
  title        = {CNCjs npm パッケージページ（公式）},
  howpublished = {\url{https://www.npmjs.com/package/cncjs}}
}

@misc{nodejs-pkg,
  title        = {Node.js: Install via Package Manager（公式）},
  howpublished = {\url{https://nodejs.org/en/download/package-manager}}
}

@misc{nodesource,
  title        = {NodeSource Distributions（公式 GitHub）},
  howpublished = {\url{https://github.com/nodesource/distributions}}
}

@misc{systemd-service,
  title        = {systemd.service マニュアル（公式 freedesktop.org）},
  howpublished = {\url{https://www.freedesktop.org/software/systemd/man/systemd.service.html}}
}

@misc{tb6600,
  title        = {Toshiba TB6600HG ステッピングモータドライバ IC（公式）},
  howpublished = {\url{https://toshiba.semicon-storage.com/info/TB6600HG_datasheet_ja_20160610.pdf?did=13822&prodName=TB6600HG}}
}
